<record><leader>00000cas a22000007a 4500</leader><controlfield tag="001">27965085</controlfield><controlfield tag="008">930422d18811906ctuwr ne      0    0eng d</controlfield><datafield ind1=" " ind2=" " tag="010"><subfield code="a">sn 93053943 </subfield></datafield><datafield ind1=" " ind2=" " tag="040"><subfield code="a">CNW</subfield><subfield code="b">eng</subfield><subfield code="c">CNW</subfield><subfield code="d">OCLCQ</subfield></datafield><datafield ind1=" " ind2=" " tag="042"><subfield code="a">msc</subfield></datafield><datafield ind1="0" ind2=" " tag="130"><subfield code="a">Torrington register (Torrington, Conn. : 1881)</subfield></datafield><datafield ind1="1" ind2="4" tag="245"><subfield code="a">The Torrington register.</subfield></datafield><datafield ind1=" " ind2=" " tag="260"><subfield code="a">Torrington, Conn. :</subfield><subfield code="b">E.A. Hayes</subfield></datafield><datafield ind1=" " ind2=" " tag="300"><subfield code="a">v.</subfield></datafield><datafield ind1=" " ind2=" " tag="310"><subfield code="a">Weekly</subfield></datafield><datafield ind1="0" ind2=" " tag="362"><subfield code="a">Vol. 7, no. 38 (Apr. 16, 1881)-v. 32, no. 17 (Nov. 30, 1906).</subfield></datafield><datafield ind1=" " ind2=" " tag="515"><subfield code="a">Issues for Aug. 1 1885-1906 also called: Whole no. 571-1,710.</subfield></datafield><datafield ind1=" " ind2=" " tag="530"><subfield code="a">Available on microfilm from New England Micrographics, Marlboro, Mass.</subfield></datafield><datafield ind1=" " ind2=" " tag="580"><subfield code="a">Daily ed.: Torrington daily register, 1889-July 1898, and: Evening register (Torrington, Conn. : 1898), Aug. 1, 1898-1906.</subfield></datafield><datafield ind1=" " ind2="4" tag="651"><subfield code="a">Torrington (Conn.)</subfield><subfield code="v">Newspapers.</subfield></datafield><datafield ind1=" " ind2=" " tag="752"><subfield code="a">United States</subfield><subfield code="b">Connecticut</subfield><subfield code="c">Litchfield</subfield><subfield code="d">Torrington.</subfield></datafield><datafield ind1="1" ind2=" " tag="775"><subfield code="t">Torrington daily register</subfield><subfield code="w">(DLC)sn 93053939</subfield></datafield><datafield ind1="1" ind2=" " tag="775"><subfield code="t">Evening register (Torrington, Conn. : 1898)</subfield><subfield code="w">(DLC)sn 93053940</subfield></datafield><datafield ind1="0" ind2="0" tag="780"><subfield code="t">Wolcottville register</subfield><subfield code="w">(DLC)sn 84022384</subfield><subfield code="w">(OCoLC)10384342</subfield></datafield><datafield ind1="0" ind2="0" tag="785"><subfield code="t">Evening register (Torrington, Conn. : 1906)</subfield><subfield code="w">(DLC)sn 93053942</subfield></datafield><datafield ind1="1" ind2=" " tag="029"><subfield code="a">AU@</subfield><subfield code="b">000020738228</subfield></datafield></record>